@article{Kaj86,
author = "James T. Kajiya",
title = "The Rendering Equation",
publisher ="ACM",
volume ="20(4)",
year = 1986
}

@article{Pho75,
author = "Bùi Tuòng Phong",
title = "Illumination for Computer Generated Pictures",
publisher = "Communications of the ACM",
volume = "18(6)",
year = 1975
}

@article{Bli77,
author = "James F. Blinn",
title = "Models of light reflection for computer synthesized pictures",
publisher = "SIGGRAPH",
year = 1977
}

@article{CT82,
author = "Robert L. Cook and Kenneth E. Torrance",
title = "A reflectance model for computer graphics",
publisher = "ACM Transactions on Graphics",
volume = "1(1)",
year = 1982
}

@article{Sch94,
author = "Christophe Schlick",
title = "An Inexpensive BRDF Model for Physically-based Rendering",
publisher = "Proc. Eurographics, Computer Graphics Forum",
volume = "13(3)",
year = 1994
}

@article{AS00,
author = "Michael Ashikhmin and Peter Shirley",
title = "An Anisotropic Phong BRDF Model",
publisher = "University of Utah, Computer Science Department",
year = 2000
}

@article{GMD10,
author = "D. Geisler-Moroder and A.Dür",
title ="Bounding the Albedo of the Ward Reflectance Model",
publisher = "Department of Mathematics, University of Innsbruck, Austria",
year = 2010
}

@misc{SU,
author = "Stanford University",
howpublished ="http://graphics.stanford.edu/data/3Dscanrep/",
note ="[Online; accessed 30-September-2015]"
}

@misc{LC,
howpublished = "http://www.3drender.com/challenges/",
note ="[Online; accessed 30-September-2015]"
}