@article{Kaj85,
author = "James T. Kajiya",
title = "The Rendering Equation",
publisher ="ACM",
volume ="20(4)",
year = 1986
}